<record><leader>00000cas a2200000 a 4500</leader><controlfield tag="001">16000438</controlfield><controlfield tag="008">870619d185u186uinuwr ne      0    0eng c</controlfield><datafield ind1=" " ind2=" " tag="010"><subfield code="a">sn 87056263 </subfield></datafield><datafield ind1=" " ind2=" " tag="040"><subfield code="a">NPI</subfield><subfield code="b">eng</subfield><subfield code="c">NPI</subfield><subfield code="d">NYS</subfield><subfield code="d">NPI</subfield><subfield code="d">OCLCQ</subfield><subfield code="d">IUL</subfield><subfield code="d">OCLCF</subfield></datafield><datafield ind1=" " ind2=" " tag="042"><subfield code="a">pcc</subfield></datafield><datafield ind1=" " ind2=" " tag="043"><subfield code="a">n-us-in</subfield></datafield><datafield ind1="0" ind2="0" tag="245"><subfield code="a">Laporte weekly union.</subfield></datafield><datafield ind1="3" ind2="0" tag="246"><subfield code="a">La Porte weekly union</subfield></datafield><datafield ind1=" " ind2=" " tag="260"><subfield code="a">La Porte, Ind. :</subfield><subfield code="b">John Millikan</subfield></datafield><datafield ind1=" " ind2=" " tag="300"><subfield code="a">v.</subfield></datafield><datafield ind1=" " ind2=" " tag="310"><subfield code="a">Weekly</subfield></datafield><datafield ind1=" " ind2=" " tag="588"><subfield code="a">Description based on: Vol. 22, no. 30 (Feb. 15, 1860).</subfield></datafield><datafield ind1=" " ind2=" " tag="588"><subfield code="a">Latest issue consulted: Vol 27: no. 24 (December 27, 1864); U.S. Newspaper Archive (viewwed June 8, 2017).</subfield></datafield><datafield ind1=" " ind2="0" tag="651"><subfield code="a">LaPorte (Ind.)</subfield><subfield code="v">Newspapers.</subfield></datafield><datafield ind1=" " ind2="0" tag="651"><subfield code="a">LaPorte County (Ind.)</subfield><subfield code="v">Newspapers.</subfield></datafield><datafield ind1=" " ind2="7" tag="651"><subfield code="a">Indiana</subfield><subfield code="z">LaPorte.</subfield><subfield code="2">fast</subfield><subfield code="0">(OCoLC)fst01719828</subfield></datafield><datafield ind1=" " ind2="7" tag="651"><subfield code="a">Indiana</subfield><subfield code="z">LaPorte County.</subfield><subfield code="2">fast</subfield><subfield code="0">(OCoLC)fst01719815</subfield></datafield><datafield ind1=" " ind2="7" tag="655"><subfield code="a">Newspapers.</subfield><subfield code="2">fast</subfield><subfield code="0">(OCoLC)fst01423814</subfield></datafield><datafield ind1=" " ind2=" " tag="752"><subfield code="a">United States</subfield><subfield code="b">Indiana</subfield><subfield code="c">LaPorte</subfield><subfield code="d">LaPorte.</subfield></datafield><datafield ind1="0" ind2="0" tag="780"><subfield code="t">La Porte union (LaPorte, Ind.)</subfield><subfield code="w">(DLC)sn 87056264</subfield><subfield code="w">(OCoLC)16000427</subfield></datafield><datafield ind1="0" ind2="0" tag="785"><subfield code="t">Laporte union</subfield><subfield code="w">(DLC)sn 84023996</subfield><subfield code="w">(OCoLC)11153373</subfield></datafield><datafield ind1="4" ind2="1" tag="856"><subfield code="u">https://access.newspaperarchive.com/us/indiana/la-porte/la-porte-weekly-union/</subfield></datafield></record>